<?xml version="1.0" encoding="UTF-8"?><collection xmlns="http://www.loc.gov/MARC21/slim"><record><leader>00398nam--2200133-i-4500</leader><controlfield tag="001">000021405</controlfield><controlfield tag="002">20161230</controlfield><controlfield tag="005">20161230201034</controlfield><controlfield tag="008">060222s1000------------r-----000-0-eng-d</controlfield><datafield ind1=" " ind2=" " tag="080"><subfield code="a">669.018.25</subfield></datafield><datafield ind1=" " ind2=" " tag="100"><subfield code="a">Hirschfeld, Eugen</subfield></datafield><datafield ind1=" " ind2=" " tag="245"><subfield code="a">Metale dure. prelucrarea materialelor prin aschiere. evolutia metalelor dure si intrebuintarea lor</subfield></datafield><datafield ind1=" " ind2=" " tag="260"><subfield code="a">Bucuresti, Ed.Tehnica, 1950, 274 P</subfield></datafield><datafield ind1=" " ind2=" " tag="852"><subfield code="a">26664</subfield></datafield></record></collection>